@misc{lipo,
  doi = {10.48550/ARXIV.1703.02628},
  
  url = {https://arxiv.org/abs/1703.02628},
  
  author = {Malherbe, CÃ©dric and Vayatis, Nicolas},
  
  keywords = {Machine Learning (stat.ML), FOS: Computer and information sciences, FOS: Computer and information sciences},
  
  title = {Global optimization of Lipschitz functions},
  
  publisher = {arXiv},
  
  year = {2017},
  
  copyright = {arXiv.org perpetual, non-exclusive license}
}

@misc{https://doi.org/10.48550/arxiv.1608.04471,
  doi = {10.48550/ARXIV.1608.04471},
  
  url = {https://arxiv.org/abs/1608.04471},
  
  author = {Liu, Qiang and Wang, Dilin},
  
  keywords = {Machine Learning (stat.ML), Machine Learning (cs.LG), FOS: Computer and information sciences, FOS: Computer and information sciences},
  
  title = {Stein Variational Gradient Descent: A General Purpose Bayesian Inference Algorithm},
  
  publisher = {arXiv},
  
  year = {2016},
  
  copyright = {arXiv.org perpetual, non-exclusive license}
}

@misc{https://doi.org/10.48550/arxiv.1704.07520,
  doi = {10.48550/ARXIV.1704.07520},
  
  url = {https://arxiv.org/abs/1704.07520},
  
  author = {Liu, Qiang},
  
  keywords = {Machine Learning (stat.ML), FOS: Computer and information sciences, FOS: Computer and information sciences},
  
  title = {Stein Variational Gradient Descent as Gradient Flow},
  
  publisher = {arXiv},
  
  year = {2017},
  
  copyright = {arXiv.org perpetual, non-exclusive license}
}

@misc{https://doi.org/10.48550/arxiv.1602.03253,
  doi = {10.48550/ARXIV.1602.03253},
  
  url = {https://arxiv.org/abs/1602.03253},
  
  author = {Liu, Qiang and Lee, Jason D. and Jordan, Michael I.},
  
  keywords = {Machine Learning (stat.ML), FOS: Computer and information sciences, FOS: Computer and information sciences},
  
  title = {A Kernelized Stein Discrepancy for Goodness-of-fit Tests and Model Evaluation},
  
  publisher = {arXiv},
  
  year = {2016},
  
  copyright = {arXiv.org perpetual, non-exclusive license}
}

@misc{https://doi.org/10.48550/arxiv.1410.2392,
  doi = {10.48550/ARXIV.1410.2392},
  
  url = {https://arxiv.org/abs/1410.2392},
  
  author = {Oates, Chris J. and Girolami, Mark and Chopin, Nicolas},
  
  keywords = {Methodology (stat.ME), FOS: Computer and information sciences, FOS: Computer and information sciences},
  
  title = {Control functionals for Monte Carlo integration},
  
  publisher = {arXiv},
  
  year = {2014},
  
  copyright = {arXiv.org perpetual, non-exclusive license}
}

@misc{https://doi.org/10.48550/arxiv.1602.02964,
  doi = {10.48550/ARXIV.1602.02964},
  
  url = {https://arxiv.org/abs/1602.02964},
  
  author = {Chwialkowski, Kacper and Strathmann, Heiko and Gretton, Arthur},
  
  keywords = {Machine Learning (stat.ML), FOS: Computer and information sciences, FOS: Computer and information sciences},
  
  title = {A Kernel Test of Goodness of Fit},
  
  publisher = {arXiv},
  
  year = {2016},
  
  copyright = {arXiv.org perpetual, non-exclusive license}
}